<?xml version="1.0" encoding="UTF-8"?>
<record xmlns="http://www.loc.gov/MARC21/slim" xmlns:xsi="http://www.w3.org/2001/XMLSchema-instance" xsi:schemaLocation="http://www.loc.gov/MARC21/slim http://www.loc.gov/standards/marcxml/schema/MARC21slim.xsd">
<leader>     nam a2200349 a 4500</leader>
<controlfield tag="001">002059974</controlfield>
<controlfield tag="003">NNU</controlfield>
<controlfield tag="005">20061010172353.0</controlfield>
<controlfield tag="008">930311m19629999iq       b    001 0 arar</controlfield>
<datafield tag="010" ind1=" " ind2=" ">
<subfield code="a">ne 64000596</subfield>
</datafield>
<datafield tag="035" ind1="9" ind2=" ">
<subfield code="a">NYUb11013482</subfield>
</datafield>
<datafield tag="035" ind1=" " ind2=" ">
<subfield code="a">(CStRLIN)NYUG93-B9923</subfield>
</datafield>
<datafield tag="040" ind1=" " ind2=" ">
<subfield code="c">MiU</subfield>
<subfield code="d">MiU</subfield>
<subfield code="d">NN</subfield>
<subfield code="d">NNU</subfield>
</datafield>
<datafield tag="043" ind1=" " ind2=" ">
<subfield code="a">a-iq---</subfield>
</datafield>
<datafield tag="050" ind1=" " ind2=" ">
<subfield code="a">DS51.B3</subfield>
<subfield code="b">S9</subfield>
</datafield>
<datafield tag="066" ind1=" " ind2=" ">
<subfield code="c">(3</subfield>
</datafield>
<datafield tag="090" ind1=" " ind2=" ">
<subfield code="a">DS79.9.B25</subfield>
<subfield code="b">S88 1962</subfield>
</datafield>
<datafield tag="100" ind1="1" ind2=" ">
<subfield code="a">Suwaydī, ʻAbd al-Raḥmān ibn ʻAbd Allāh,</subfield>
<subfield code="d">1721 or 2-1786</subfield>
<subfield code="6">880-01</subfield>
</datafield>
<datafield tag="245" ind1="1" ind2="0">
<subfield code="6">880-02</subfield>
<subfield code="a">Tārīkh Baghdād li-Ibn al-Suwaydī, aw, Ḥadīqat al-zawrāʼ fī sīrat al-wuzarāʼ :</subfield>
<subfield code="b">baḥth fī tārīkh al-ʻIrāq fī al-niṣf al-awwal min al-qarn al-thāmin ʻashar, 1704-1747 M taḥta ḥukm al-wālī Ḥasan Bāshā wa-ibnih Aḥmad Bāshā /</subfield>
<subfield code="c">taʼlīf ʻAbd al-Raḥmān ibn ʻAbd Allāh ibn al-Ḥusayn al-Suwaydī ; nashara bi-taḥqīq Safāʼ Khulūṣī.</subfield>
</datafield>
<datafield tag="260" ind1=" " ind2=" ">
<subfield code="6">880-03</subfield>
<subfield code="a">Baghdād :</subfield>
<subfield code="b">Maṭbaʻat al-Zaʻīm,</subfield>
<subfield code="c">1962-</subfield>
</datafield>
<datafield tag="300" ind1=" " ind2=" ">
<subfield code="a">v. ;</subfield>
<subfield code="c">22 cm.</subfield>
</datafield>
<datafield tag="500" ind1=" " ind2=" ">
<subfield code="a">Cover title: History of Baghdad in the first half of the XVIIIth century.</subfield>
</datafield>
<datafield tag="504" ind1=" " ind2=" ">
<subfield code="a">Includes bibliographical references and indexes.</subfield>
</datafield>
<datafield tag="651" ind1=" " ind2="0">
<subfield code="a">Baghdad (Iraq)</subfield>
<subfield code="x">History.</subfield>
</datafield>
<datafield tag="700" ind1="1" ind2=" ">
<subfield code="a">Khulusi, Safa</subfield>
<subfield code="6">880-04</subfield>
</datafield>
<datafield tag="740" ind1="0" ind2=" ">
<subfield code="a">Ḥadīqat al-zawrāʼ fī sīrat al-wuzarāʼ.</subfield>
</datafield>
<datafield tag="740" ind1="0" ind2=" ">
<subfield code="a">History of Baghdad in the first half of the XVIII century.</subfield>
</datafield>
<datafield tag="880" ind1="0" ind2=" ">
<subfield code="6">100-01/</subfield>
<subfield code="a">عبد الرحمن بن عبد الله بن الحسين السويدي.</subfield>
</datafield>
<datafield tag="880" ind1="1" ind2="0">
<subfield code="6">245-02/</subfield>
<subfield code="a">تاريخ بغداد لابن السويدي، أو، حديقة الزوراء في سيرة الوزراء :</subfield>
<subfield code="b">بحث في تاريخ العراق في النصف الاول من القرن الثامن عشر ١٧٠٤-١٧٤٧ م تحت حكم الوالي حسن باشا وابنه احمد باشا /</subfield>
<subfield code="c">تأليف عبد الرحمن بن عبد الله بن الحسين السويدي ؛ نشر بتحقيق صفاء خلوصي.</subfield>
</datafield>
<datafield tag="880" ind1=" " ind2=" ">
<subfield code="6">260-03/</subfield>
<subfield code="a">بغداد :</subfield>
<subfield code="b">مطبعة الزعيم،</subfield>
<subfield code="c">١٩٦٢-</subfield>
</datafield>
<datafield tag="880" ind1="0" ind2=" ">
<subfield code="6">700-04/</subfield>
<subfield code="a">صفاء خلوصي.</subfield>
</datafield>
<datafield tag="OWN" ind1=" " ind2=" ">
<subfield code="a">GENERAL</subfield>
</datafield>
<datafield tag="903" ind1=" " ind2=" ">
<subfield code="a">OLD</subfield>
</datafield>
<datafield tag="998" ind1=" " ind2=" ">
<subfield code="a">19930311</subfield>
<subfield code="d">19930311</subfield>
<subfield code="n">NNU</subfield>
<subfield code="s">1</subfield>
<subfield code="t">c</subfield>
<subfield code="z">e</subfield>
</datafield>
<datafield tag="AVA" ind1=" " ind2=" ">
<subfield code="a">NYU50</subfield>
<subfield code="b">BOBST</subfield>
<subfield code="c">Main Collection</subfield>
<subfield code="d">DS79.9.B25 S88 1962</subfield>
<subfield code="e">unavailable</subfield>
<subfield code="t">Unavailable</subfield>
<subfield code="f">1</subfield>
<subfield code="g">1</subfield>
<subfield code="h">Y</subfield>
<subfield code="i">0</subfield>
<subfield code="j">MAIN</subfield>
<subfield code="k">0</subfield>
</datafield>
</record>
